@Book{Dierckx_1993,
  author = 	 {Paul Dierckx},
  title = 	 {Curve and Surface Fitting with Splines},
  publisher = 	 {Oxford University Press},
  year = 	 1993,
  series = 	 {Monographs on Numerical Analysis},
  address = 	 {New York},
  isbn =         {0-19-853441-8},
}
